<?xml version="1.0" encoding="UTF-8"?><record xmlns="http://www.loc.gov/MARC21/slim" xmlns:cinclude="http://apache.org/cocoon/include/1.0" xmlns:zs="http://www.loc.gov/zing/srw/">
  <leader>00490nz  a2200145n  4500</leader>
  <controlfield tag="001">no2014108455</controlfield>
  <controlfield tag="003">DLC</controlfield>
  <controlfield tag="005">20140816073558.0</controlfield>
  <controlfield tag="008">140815n| azannaabn          |a aaa     c</controlfield>
  <datafield tag="010" ind1=" " ind2=" ">
    <subfield code="a">no2014108455</subfield>
  </datafield>
  <datafield tag="035" ind1=" " ind2=" ">
    <subfield code="a">(OCoLC)oca09936396</subfield>
  </datafield>
  <datafield tag="040" ind1=" " ind2=" ">
    <subfield code="a">FU</subfield>
    <subfield code="b">eng</subfield>
    <subfield code="e">rda</subfield>
    <subfield code="c">FU</subfield>
  </datafield>
  <datafield tag="100" ind1="1" ind2=" ">
    <subfield code="a">Villagómez Weir, Gayne</subfield>
  </datafield>
  <datafield tag="400" ind1="1" ind2=" ">
    <subfield code="a">Weir, Gayne Villagómez</subfield>
  </datafield>
  <datafield tag="670" ind1=" " ind2=" ">
    <subfield code="a">Nuestro recorrido hasta llegar al Comité de los Derechos Económicos, Sociales y Culturales, 2013.</subfield>
    <subfield code="b">title page verso (Gayne Villagómez Weir)</subfield>
  </datafield>
</record>